# sample entry
@inproceedings{large-scale-p2p-sim,
	author = {Dinh, Tien Tuan Anh and Theodoropoulos, Georgios and Minson, Rob},
	title = {{Evaluating Large Scale Distributed Simulation of P2P Networks}},
	booktitle = {DS-RT '08: Proceedings of the 2008 12th IEEE/ACM International Symposium on Distributed Simulation and Real-Time Applications},
	year = {2008},
	isbn = {978-0-7695-3425-1},
	pages = {51--58},
	doi = {http://dx.doi.org/10.1109/DS-RT.2008.36},
	publisher = {IEEE Computer Society},
	address = {Washington, DC, USA},
}
@inproceedings{jsim-article,
  author =	 {{A. Sobeih and M. Viswanathan and D. Marinov and J.C. Hou}},
  title =    {{J-Sim: An integrated environment for simulation and model 
      checking of network protocols}},
  booktitle = {IEEE International Parallel and Distributed Processingi Symposium},
  year =         {2007},
  pages = {1--6},
  publisher = {IEEE Computer Society},
}
@article{tossim,
  author =	{{Philip Levis and Nelson Lee}},
  title =        {{TOSSIM: A simulator for TinyOS Networks}},
  year =         {September 2003},
  pages = {1--17}
}

# sample URL
@misc{openvz,
	howpublished = {{http://wiki.openvz.org/}},
	title = {{OpenVZ}}
}

@misc{libevent,
	howpublished = {{http://libevent.org/}},
	title = {{libevent}}
}

% temporary bib item; useful for marking down future citations
@misc{TODO,
	title = {{TODO}}
}
